<?xml version = "1.0" encoding = "UTF-8"?><OAI-PMH xmlns="http://www.openarchives.org/OAI/2.0/" xmlns:xsi="http://www.w3.org/2001/XMLSchema-instance" xsi:schemaLocation="http://www.openarchives.org/OAI/2.0/ http://www.openarchives.org/OAI/2.0/OAI-PMH.xsd"><ListRecords><record><header><identifier>aleph-publish:006802033</identifier></header><metadata><record xmlns="http://www.ddb.de/professionell/mabxml/mabxml-1.xsd"><leader>00912vM2.01200024------h</leader><controlfield tag="LDR">00912vM2.01200024------h</controlfield><controlfield tag="FMT">MH</controlfield><datafield tag="001" ind1="-" ind2="1"><subfield code="a">HT006699267</subfield></datafield><datafield tag="002" ind1="a" ind2="1"><subfield code="a">19950809</subfield></datafield><datafield tag="003" ind1="-" ind2="1"><subfield code="a">20051114</subfield></datafield><datafield tag="025" ind1="o" ind2="1"><subfield code="a">246568393</subfield></datafield><controlfield tag="030">a|1uc||||||17</controlfield><datafield tag="037" ind1="b" ind2="1"><subfield code="a">ger</subfield></datafield><controlfield tag="050">a|||||||||||||</controlfield><controlfield tag="051">s|||||||</controlfield><datafield tag="070" ind1="-" ind2="1"><subfield code="a">292</subfield></datafield><datafield tag="070" ind1="b" ind2="1"><subfield code="a">294</subfield></datafield><datafield tag="080" ind1="-" ind2="1"><subfield code="a">60</subfield></datafield><datafield tag="100" ind1="-" ind2="1"><subfield code="p">Fürtig, Henner</subfield><subfield code="d">1953-</subfield><subfield code="9">(DE-588)121065693</subfield></datafield><datafield tag="101" ind1="-" ind2="1"><subfield code="p">Fuertig, Henner</subfield><subfield code="d">1953-</subfield></datafield><datafield tag="101" ind1="-" ind2="1"><subfield code="p">Fūrtīǧ, Hīnar</subfield><subfield code="d">1953-</subfield></datafield><datafield tag="331" ind1="-" ind2="1"><subfield code="a">Demokratie in Saudi-Arabien?</subfield></datafield><datafield tag="335" ind1="-" ind2="1"><subfield code="a">Die Āl Saʿūd und die Folgen des zweiten Golfkrieges</subfield></datafield><datafield tag="359" ind1="-" ind2="1"><subfield code="a">Henner Fürtig</subfield></datafield><datafield tag="410" ind1="-" ind2="1"><subfield code="a">Berlin</subfield></datafield><datafield tag="412" ind1="-" ind2="1"><subfield code="a">Verl. Das Arab. Buch</subfield></datafield><datafield tag="425" ind1="a" ind2="1"><subfield code="a">1995</subfield></datafield><datafield tag="433" ind1="-" ind2="1"><subfield code="a">106 S.</subfield></datafield><datafield tag="451" ind1="-" ind2="1"><subfield code="a">Arbeitshefte / Forschungsschwerpunkt Moderner Orient, Förderungsgesellschaft Wissenschaftliche Neuvorhaben mbH ; Nr. 6</subfield></datafield><datafield tag="453" ind1="-" ind2="1"><subfield code="a">HT006699303</subfield></datafield><datafield tag="455" ind1="-" ind2="1"><subfield code="a">6</subfield></datafield><datafield tag="456" ind1="-" ind2="1"><subfield code="a">6</subfield></datafield><datafield tag="540" ind1="a" ind2="1"><subfield code="a">3-86093-076-1</subfield><subfield code="b">kart. : DM 29.80</subfield></datafield><datafield tag="902" ind1="-" ind2="1"><subfield code="p">Ibn-Saud</subfield><subfield code="c">Familie</subfield><subfield code="9">(DE-588)118708554</subfield></datafield><datafield tag="902" ind1="-" ind2="1"><subfield code="s">Golfkrieg</subfield><subfield code="h">1990-1991</subfield><subfield code="9">(DE-588)4243780-5</subfield></datafield><datafield tag="902" ind1="-" ind2="1"><subfield code="s">Auswirkung</subfield><subfield code="9">(DE-588)4112646-4</subfield></datafield><datafield tag="903" ind1="-" ind2="1"><subfield code="a">231</subfield></datafield><datafield tag="907" ind1="-" ind2="1"><subfield code="g">Saudi-Arabien</subfield><subfield code="9">(DE-588)4051788-3</subfield></datafield><datafield tag="907" ind1="-" ind2="1"><subfield code="s">Demokratie</subfield><subfield code="9">(DE-588)4011413-2</subfield></datafield><datafield tag="907" ind1="-" ind2="1"><subfield code="s">Politischer Wandel</subfield><subfield code="9">(DE-588)4175047-0</subfield></datafield><datafield tag="907" ind1="-" ind2="1"><subfield code="s">Golfkrieg</subfield><subfield code="h">1990-1991</subfield><subfield code="9">(DE-588)4243780-5</subfield></datafield><datafield tag="908" ind1="-" ind2="1"><subfield code="a">1324</subfield><subfield code="a">1423</subfield><subfield code="a">2341</subfield><subfield code="a">3241</subfield><subfield code="a">4231</subfield></datafield><controlfield tag="SYS">006802033</controlfield><datafield tag="LOW" ind1="-" ind2="1"><subfield code="a">B4023</subfield></datafield><datafield tag="LOW" ind1="-" ind2="1"><subfield code="a">Q1026</subfield></datafield><datafield tag="952" ind1="-" ind2="1"><subfield code="p">Saud</subfield><subfield code="c">Familie</subfield></datafield><datafield tag="952" ind1="-" ind2="1"><subfield code="p">Āl-Saʾūd</subfield></datafield><datafield tag="952" ind1="-" ind2="1"><subfield code="p">Āl-Suʾūd</subfield></datafield><datafield tag="952" ind1="-" ind2="1"><subfield code="s">Zweiter Golfkrieg</subfield></datafield><datafield tag="952" ind1="-" ind2="1"><subfield code="s">2. Golfkrieg</subfield></datafield><datafield tag="952" ind1="-" ind2="1"><subfield code="s">Irakkrise</subfield></datafield><datafield tag="952" ind1="-" ind2="1"><subfield code="s">Erster Irakkrieg</subfield><subfield code="h">1990-1991</subfield></datafield><datafield tag="952" ind1="-" ind2="1"><subfield code="s">Golfkonflikt</subfield><subfield code="h">1990-1991</subfield></datafield><datafield tag="952" ind1="-" ind2="1"><subfield code="s">Golfkrise</subfield><subfield code="h">1990-1991</subfield></datafield><datafield tag="952" ind1="-" ind2="1"><subfield code="s">Operation Wüstensturm</subfield></datafield><datafield tag="952" ind1="-" ind2="1"><subfield code="s">Wüstensturm</subfield><subfield code="h">Operation, Militär</subfield></datafield><datafield tag="952" ind1="-" ind2="1"><subfield code="s">Operation Desert Storm</subfield></datafield><datafield tag="952" ind1="-" ind2="1"><subfield code="s">Fortwirken</subfield></datafield><datafield tag="952" ind1="-" ind2="1"><subfield code="s">Nachwirkung</subfield><subfield code="h">Auswirkung</subfield></datafield><datafield tag="952" ind1="-" ind2="1"><subfield code="s">Folge</subfield></datafield><datafield tag="957" ind1="-" ind2="1"><subfield code="g">&lt;&lt;Al-&gt;&gt; Mamlaka al-Arabijja as-Saudijja</subfield></datafield><datafield tag="957" ind1="-" ind2="1"><subfield code="g">Königreich Saudi-Arabien</subfield></datafield><datafield tag="957" ind1="-" ind2="1"><subfield code="g">Saudiarabien</subfield></datafield><datafield tag="957" ind1="-" ind2="1"><subfield code="g">Royaume d&apos;Arabie Saoudite</subfield></datafield><datafield tag="957" ind1="-" ind2="1"><subfield code="g">Arabie Saoudite</subfield></datafield><datafield tag="957" ind1="-" ind2="1"><subfield code="g">&lt;&lt;al-&gt;&gt; Mamlaka al-ʿArabīya as-Suʿūdīya</subfield></datafield><datafield tag="957" ind1="-" ind2="1"><subfield code="g">&lt;&lt;al-&gt;&gt; Mamlaka al-ʿArabīya as-Saʿūdīya</subfield></datafield><datafield tag="957" ind1="-" ind2="1"><subfield code="g">&lt;&lt;Al-&gt;&gt; Mamlaka al-&apos;Arabaīya as Su&apos;udīya</subfield></datafield><datafield tag="957" ind1="-" ind2="1"><subfield code="g">&lt;&lt;as-&gt;&gt; Suʿūdīya</subfield></datafield><datafield tag="957" ind1="-" ind2="1"><subfield code="g">&lt;&lt;as-&gt;&gt; Saʿūdīya</subfield></datafield><datafield tag="957" ind1="-" ind2="1"><subfield code="g">&lt;&lt;al-&gt;&gt; Mamlaka al-ʿArabīyya as-Saʿūdīyya</subfield></datafield><datafield tag="957" ind1="-" ind2="1"><subfield code="g">&lt;&lt;Al-&gt;&gt; Arabijja As Saudijja</subfield></datafield><datafield tag="957" ind1="-" ind2="1"><subfield code="g">Saudi Arabia</subfield></datafield><datafield tag="957" ind1="-" ind2="1"><subfield code="g">Kingdom of Saudi Arabia</subfield></datafield><datafield tag="957" ind1="-" ind2="1"><subfield code="g">Royaume d&apos;Arabie Séoudite</subfield></datafield><datafield tag="957" ind1="-" ind2="1"><subfield code="g">Saudi Arabian Kingdom</subfield></datafield><datafield tag="957" ind1="-" ind2="1"><subfield code="g">Saudi-Arabia</subfield></datafield><datafield tag="957" ind1="-" ind2="1"><subfield code="g">&lt;&lt;al-&gt;&gt; ʾArabīya as-Saūdīya</subfield></datafield><datafield tag="957" ind1="-" ind2="1"><subfield code="g">Mamlaka al-ʾArabīya as-Saūdīya</subfield></datafield><datafield tag="957" ind1="-" ind2="1"><subfield code="g">Arabie Séoudite</subfield></datafield><datafield tag="957" ind1="-" ind2="1"><subfield code="g">Royaume de l&apos;Arabie Saoudite</subfield></datafield><datafield tag="957" ind1="-" ind2="1"><subfield code="s">Volksherrschaft</subfield></datafield><datafield tag="957" ind1="-" ind2="1"><subfield code="s">Demokratischer Staat</subfield></datafield><datafield tag="957" ind1="-" ind2="1"><subfield code="s">Democracy</subfield></datafield><datafield tag="957" ind1="-" ind2="1"><subfield code="s">Systemtransformation</subfield><subfield code="h">Politik</subfield></datafield><datafield tag="957" ind1="-" ind2="1"><subfield code="s">Systemwandel</subfield><subfield code="h">Politik</subfield></datafield><datafield tag="957" ind1="-" ind2="1"><subfield code="s">Systemwechsel</subfield><subfield code="h">Politik</subfield></datafield><datafield tag="957" ind1="-" ind2="1"><subfield code="s">Politische Entwicklung</subfield><subfield code="h">Politischer Wandel</subfield></datafield><datafield tag="957" ind1="-" ind2="1"><subfield code="s">Zweiter Golfkrieg</subfield></datafield><datafield tag="957" ind1="-" ind2="1"><subfield code="s">2. Golfkrieg</subfield></datafield><datafield tag="957" ind1="-" ind2="1"><subfield code="s">Irakkrise</subfield></datafield><datafield tag="957" ind1="-" ind2="1"><subfield code="s">Erster Irakkrieg</subfield><subfield code="h">1990-1991</subfield></datafield><datafield tag="957" ind1="-" ind2="1"><subfield code="s">Golfkonflikt</subfield><subfield code="h">1990-1991</subfield></datafield><datafield tag="957" ind1="-" ind2="1"><subfield code="s">Golfkrise</subfield><subfield code="h">1990-1991</subfield></datafield><datafield tag="957" ind1="-" ind2="1"><subfield code="s">Operation Wüstensturm</subfield></datafield><datafield tag="957" ind1="-" ind2="1"><subfield code="s">Wüstensturm</subfield><subfield code="h">Operation, Militär</subfield></datafield><datafield tag="957" ind1="-" ind2="1"><subfield code="s">Operation Desert Storm</subfield></datafield><datafield tag="088" ind1=" " ind2=" "><subfield code="a">294/35</subfield><subfield code="b">00035000</subfield><subfield code="c">5.8.1/49</subfield><subfield code="e">keine ILL</subfield></datafield><datafield tag="088" ind1=" " ind2=" "><subfield code="a">5/141</subfield><subfield code="b">00091001</subfield><subfield code="c">953.8053 F954 D383 1995</subfield><subfield code="e">keine ILL</subfield></datafield><datafield tag="088" ind1=" " ind2=" "><subfield code="a">6/A</subfield><subfield code="c">FS/MH 70086 F954</subfield><subfield code="e">keine Angabe</subfield></datafield><datafield tag="088" ind1=" " ind2=" "><subfield code="a">468</subfield><subfield code="b">41</subfield><subfield code="c">PDGV1171</subfield><subfield code="e">ausleihbar</subfield></datafield></record></metadata></record></ListRecords></OAI-PMH>